% refs for esrel paper

@BOOK{2000:rios,
  title = {Robust {B}ayesian Analysis},
  publisher = {Springer},
  year = {2000},
  author = {R\'{\i}os Insua, D. and Ruggeri, F.}
}

@INCOLLECTION{2005:ruggeri,
  author = {Ruggeri, F. and R\'{\i}os Insua, D. and Mart\'{\i}n, J.},
  title = {Robust {B}ayesian Analysis},
  booktitle = {Handbook of Statistics. Bayesian Thinking: Modeling and Computation},
  publisher = {Elsevier},
  year = {2005},
  editor = {D. Dey and C. Rao},
  volume = {25},
  pages = {623 - 667},
  doi = {10.1016/S0169-7161(05)25021-6},
  issn = {0169-7161}
}

@ARTICLE{1994:berger,
  author = {Berger, J. and Moreno, E. and Pericchi, L. and Bayarri, M. and Bernardo,
	J. M. and Cano, J. and De la Horra, J. and Mart{\'\i}n, J. and R{\'\i}os Ins{\'u}a,
	D. and Betr{\`o}, B. and Dasgupta, A. and Gustafson, P. and Wasserman,
	L. and Kadane, J. and Srinivasan, C. and Lavine, M. and O'Hagan,
	A. and Polasek, W. and Robert, C. and Goutis, C. and Ruggeri, F.
	and Salinetti, G. and Sivaganesan, S.},
  title = {An overview of robust {B}ayesian analysis},
  journal = {TEST},
  year = {1994},
  volume = {3},
  pages = {5--124},
  keywords = {defensefurther},
}

@incollection{2000:bergerinsuaruggeri,
    Author = {Berger, J. and  R\'{\i}os Insua, D. and Ruggeri, F.},
    Booktitle = {{Robust {B}ayesian Analysis}},
    Editor = {R\'{\i}os Insua, D. and Ruggeri, F.},
    Pages = {1-31},
    Publisher = {Springer},
    Address = {Berlin},
    Title = {{B}ayesian Robustness},
    Year = {2000}}

@ARTICLE{1991:pericchi,
  author = {Pericchi, L. and Walley, P.},
  title = {Robust {B}ayesian credible intervals and prior ignorance},
  journal = {International Statistical Review},
  year = {1991},
  volume = {59},
  pages = {1--23}
}

@incollection{2012:survsign,
  year={2012},
  isbn={978-3-642-30661-7},
  booktitle={Complex Systems and Dependability},
  volume={170},
  series={Advances in Intelligent and Soft Computing},
  noeditor={Zamojski, Wojciech and Mazurkiewicz, Jacek and Sugier, Jarosław and Walkowiak, Tomasz and Kacprzyk, Janusz},
  editor={Zamojski, W. and Mazurkiewicz, J. and Sugier, J. and Walkowiak, T. and Kacprzyk, J.},
  doi={10.1007/978-3-642-30662-4_8},
  title={Generalizing the Signature to Systems with Multiple Types of Components},
  url={http://dx.doi.org/10.1007/978-3-642-30662-4_8},
  publisher={Springer},
  author={Coolen, Frank P. A. and Coolen-Maturi, Tahani},
  pages={115-130},
  language={English}
}

﻿@article {2014:bayessurvsign,
  author = {Aslett, Louis J. M. and Coolen, Frank P. A. and Wilson, Simon P.},
  title = {Bayesian Inference for Reliability of Systems and Networks Using the Survival Signature},
  journal = {Risk Analysis},
  issn = {1539-6924},
  url = {http://dx.doi.org/10.1111/risa.12228},
  doi = {10.1111/risa.12228},
  keywords = {Bayesian methods, networks, nonparametrics, parametric lifetime distributions, system reliability},
  year = {2015},
  note = {\url{http://dx.doi.org/10.1111/risa.12228}}
}

@book{1991:walley,
  author = {Walley, P.},
  title = {Statistical Reasoning with Imprecise Probabilities},
  publisher = {Chapman and Hall},
  address = {London},
  year = {1991},
  keywords = {defensefurther},
}

@incollection{2011:IESS-ip,
  author = {Frank P. A. Coolen and Matthias M. C. Troffaes and Thomas Augustin},
  shortauthor = {Coolen, F. and Troffaes, M. and Augustin, T.},
  title = {Imprecise Probability},
  pages = {645--648},
  editor = {Lovric, Miodrag},
  booktitle = {International Encyclopedia of Statistical Science},
  year = {2011},
  address={Berlin},
  publisher={Springer},
}

@book{itip,
    title = "Introduction to Imprecise Probabilities",
    publisher = "Wiley",
    address = "New York",
    year      = "2014",
    author    = "Thomas Augustin and Frank P. A. Coolen and Gert de Cooman and Matthias C. M. Troffaes",
    isbn = {978-0-470-97381-3},
}

@article{2006:evans,
    Author = {M. Evans and H. Moshonov},
    Journal = {Bayesian Analysis},
    Pages = {893--914},
    Title = {Checking for Prior-Data Conflict},
    Volume = {1},
    Year = {2006},
    Keywords = {defensefurther},
    Url = {http://projecteuclid.org/euclid.ba/1340370946},
}

@phdthesis{diss,
    author    = "G. Walter",
    title     = "Generalized {B}ayesian Inference under Prior-Data Conflict",
    year      = "2013",
    school    = "Department of Statistics, LMU Munich",
    address   = "Department of Statistics, LMU Munich",
    url = {http://edoc.ub.uni-muenchen.de/17059/},
}

@article{Walter2009a,
    Author = {Gero Walter and Thomas Augustin},
    Title = {Imprecision and Prior-data Conflict in Generalized {B}ayesian Inference},
    Journal = {Journal of Statistical Theory and Practice},
    Pages = {255--271},
    Volume = {3},
    Year = {2009},
    doi = {10.1080/15598608.2009.10411924}
}

@INPROCEEDINGS{Walter2011a,
  author = {Gero Walter and Thomas Augustin and Frank P.A. Coolen},
  editor = {Frank P.A. Coolen and Gert de Cooman and Thomas Fetz and Michael Oberguggenberger},
  year = 2011,
  title = {On Prior-Data Conflict in Predictive {B}ernoulli Inferences},
  booktitle = {ISIPTA'11: Proceedings of the Seventh International Symposium on
              Imprecise Probabilities: Theories and Applications},
  pages =     {391--400},
  publisher = {SIPTA},
  url = {http://www.sipta.org/isipta11/proceedings/046.html},
  note = {\url{http://www.sipta.org/isipta11/proceedings/046.html}},
}

@article{Troffaes2014a,
    Author = {Matthias C. M. Troffaes and Gero Walter and Dana L. Kelly},
    Title = {A Robust {B}ayesian Approach to Modelling Epistemic Uncertainty in Common-Cause Failure Models},
    Journal = {Reliability Engineering \& System Safety},
    Pages = {13--21},
    Volume = {125},
    Year = {2014},
    note = {\url{http://dx.doi.org/10.1016/j.ress.2013.05.022}}
}

@book{2000:bernardosmith,
    Title = {Bayesian Theory},
    Author = {Bernardo, J. and Smith, A.},
    Publisher = {Wiley},
    Address = {Chichester},
    Year = {2000}}

@book{2003:lawless,
    Title = {Statistical Models and Methods for Lifetime Data},
    Author = {Lawless, Jerald F.},
    Publisher = {Wiley},
    Address = {Hoboken, New Jersey},
    Year = {2003}}

@article{2015:coolen-commoncause,
  title = "Predictive inference for system reliability after common-cause component failures",
  journal = "Reliability Engineering \& System Safety",
  volume = "135",
  pages = "27--33",
  year = "2015",
  issn = "0951-8320",
  doi = "http://dx.doi.org/10.1016/j.ress.2014.11.005",
  url = "http://www.sciencedirect.com/science/article/pii/S0951832014002774",
  author = "Frank P. A. Coolen and Tahani Coolen-Maturi",
}

@article{2014:rul-review,
  author = "Farzaneh Ahmadzadeh and Jan Lundberg",
  title = "Remaining useful life estimation: review",
  journal = "International Journal of System Assurance Engineering and Management",
  volume = "5",
  issue = "4",
  pages = "461--474",
  year = "2014",
  issn = "0975-6809",
  doi = "http://dx.doi.org/10.1007/s13198-013-01950-0",
}

@article{1996:coolen::cens,
  author = "Frank P. A. Coolen",
  title = "On {B}ayesian reliability analysis with informative priors and censoring",
  journal = "Reliability Engineering \& System Safety",
  volume = "53",
  pages = "91--98",
  year = "1996",
  issn = "0951-8320",
}

@book{BP75,
    author = {Barlow, R.E. and Proschan, F.},
    year = {1975},
    title = {Statistical Theory of Reliability and Life Testing},
    publisher = {Holt, Rinehart and Winston, Inc.},
    address = {New York}
}

@Book{1965:good,
  author = {I. J. Good},
  title = {The estimation of probabilities},
  publisher = {MIT Press},
  year = {1965},
  address = {Cambridge (MA)},
}

@INPROCEEDINGS{ipmu2016,
  author="Walter, Gero and Coolen, Frank P. A.",
  editor="Carvalho, Paulo Joao and Lesot, Marie-Jeanne and Kaymak, Uzay and Vieira, Susana and Bouchon-Meunier, Bernadette and Yager, R. Ronald",
  title="Sets of Priors Reflecting Prior-Data Conflict and Agreement",
  bookTitle="Information Processing and Management of Uncertainty in Knowledge-Based Systems: 16th International Conference, IPMU 2016, Eindhoven, The Netherlands, June 20-24, 2016, Proceedings, Part I",
  year="2016",
  publisher="Springer International Publishing",
  address="Cham",
  pages="153--164",
  isbn="978-3-319-40596-4",
  doi="10.1007/978-3-319-40596-4_14",
  url={\url{http://dx.doi.org/10.1007/978-3-319-40596-4_14}},
}

